% Encoding: UTF8

@article{Cortes1995,
  doi = {10.1007/bf00994018},
  url = {https://doi.org/10.1007/bf00994018},
  year = {1995},
  month = sep,
  publisher = {Springer Nature},
  volume = {20},
  number = {3},
  pages = {273--297},
  author = {Corinna Cortes and Vladimir Vapnik},
  title = {Support-vector networks},
  journal = {Machine Learning}
}

@article{Poincare1895,
  year = {1895},
  journal = {Journal de l'École Polytechnique},
  pages = {1--123},
  author = {Henri Poincaré},
  title = {Analysis situs}
}

@article{McCulloch1943,
  doi = {10.1007/bf02478259},
  url = {https://doi.org/10.1007/bf02478259},
  year = {1943},
  month = dec,
  publisher = {Springer Nature},
  volume = {5},
  number = {4},
  pages = {115--133},
  author = {Warren S. McCulloch and Walter Pitts},
  title = {A logical calculus of the ideas immanent in nervous activity},
  journal = {The Bulletin of Mathematical Biophysics}
}

@article{LeCun1989,
  doi = {10.1162/neco.1989.1.4.541},
  url = {https://doi.org/10.1162/neco.1989.1.4.541},
  year = {1989},
  month = dec,
  publisher = {{MIT} Press - Journals},
  volume = {1},
  number = {4},
  pages = {541--551},
  author = {Y. LeCun and B. Boser and J. S. Denker and D. Henderson and R. E. Howard and W. Hubbard and L. D. Jackel},
  title = {Backpropagation Applied to Handwritten Zip Code Recognition},
  journal = {Neural Computation}
}

@inproceedings{Goodfellow2014,
 author = {Goodfellow, Ian J. and Pouget-Abadie, Jean and Mirza, Mehdi and Xu, Bing and Warde-Farley, David and Ozair, Sherjil and Courville, Aaron and Bengio, Yoshua},
 title = {Generative Adversarial Nets},
 booktitle = {Proceedings of the 27th International Conference on Neural Information Processing Systems - Volume 2},
 series = {NIPS'14},
 year = {2014},
 location = {Montreal, Canada},
 pages = {2672--2680},
 numpages = {9},
 url = {http://dl.acm.org/citation.cfm?id=2969033.2969125},
 acmid = {2969125},
 publisher = {MIT Press},
 address = {Cambridge, MA, USA},
}
[download]
