@incollection{Escolar2015,
  doi = {10.1007/978-4-431-55420-2_5},
  url = {https://doi.org/10.1007/978-4-431-55420-2_5},
  year  = {2015},
  month = {sep},
  publisher = {Springer Japan},
  pages = {79--96},
  author = {Emerson G. Escolar and Yasuaki Hiraoka},
  title = {Optimal Cycles for Persistent Homology Via Linear Programming},
  booktitle = {Optimization in the Real World}
}

@book{Chazal2016,
  doi = {10.1007/978-3-319-42545-0},
  url = {https://doi.org/10.1007/978-3-319-42545-0},
  year  = {2016},
  publisher = {Springer International Publishing},
  author = {Fr{\'{e}}d{\'{e}}ric Chazal and Vin de Silva and Marc Glisse and Steve Oudot},
  title = {The Structure and Stability of Persistence Modules}
}


@article{Rocklin2017,
  doi = {10.1126/science.aan0693},
  url = {https://doi.org/10.1126/science.aan0693},
  year  = {2017},
  month = {jul},
  publisher = {American Association for the Advancement of Science ({AAAS})},
  volume = {357},
  number = {6347},
  pages = {168--175},
  author = {Gabriel J. Rocklin and Tamuka M. Chidyausiku and Inna Goreshnik and Alex Ford and Scott Houliston and Alexander Lemak and Lauren Carter and Rashmi Ravichandran and Vikram K. Mulligan and Aaron Chevalier and Cheryl H. Arrowsmith and David Baker},
  title = {Global analysis of protein folding using massively parallel design,  synthesis,  and testing},
  journal = {Science}
}

@article{Cang2017,
  doi = {10.1371/journal.pcbi.1005690},
  url = {https://doi.org/10.1371/journal.pcbi.1005690},
  year = {2017},
  month = jul,
  publisher = {Public Library of Science ({PLoS})},
  volume = {13},
  number = {7},
  pages = {e1005690},
  author = {Zixuan Cang and Guo-Wei Wei},
  editor = {Roland L. Dunbrack},
  title = {{TopologyNet}: Topology based deep convolutional and multi-task neural networks for biomolecular property predictions},
  journal = {{PLOS} Computational Biology}
}

@Article{Rubenstein2018,
  author    = {Aliza Rubenstein and Kristin Blacklock and Hai Nguyen and David Case and Sagar Khare},
  title     = {Systematic comparison of Amber and Rosetta energy functions for protein structure evaluation.},
  year      = {2018},
  doi       = {10.26434/chemrxiv.5314828.v2},
  publisher = {American Chemical Society ({ACS})}
}
